@MISC{WEBSITE:1,
	HOWPUBLISHED = "\url{https://arxiv.org/abs/1803.10122v4}",
	AUTHOR = "David Ha, JÃ¼rgen Schmidhuber",
	TITLE = "World Models",
	MONTH = "May",
	YEAR = "2018",
	NOTE = "Accessed on 16-07-2019"
}
